<record><leader>00000cas a22000007a 4500</leader><controlfield tag="001">16672322</controlfield><controlfield tag="008">870912d19101911txucr ne      0    0eng d</controlfield><datafield ind1=" " ind2=" " tag="010"><subfield code="a">sn 87090661 </subfield></datafield><datafield ind1=" " ind2=" " tag="040"><subfield code="a">PPM</subfield><subfield code="b">eng</subfield><subfield code="c">PPM</subfield><subfield code="d">OCLCQ</subfield></datafield><datafield ind1=" " ind2=" " tag="042"><subfield code="a">msc</subfield></datafield><datafield ind1="0" ind2="0" tag="245"><subfield code="a">Abilene semi-weekly farm reporter.</subfield></datafield><datafield ind1="3" ind2="0" tag="246"><subfield code="a">Abilene semiweekly farm reporter</subfield></datafield><datafield ind1=" " ind2=" " tag="260"><subfield code="a">Abilene, Tex. :</subfield><subfield code="b">Abilene Print. Co.,</subfield><subfield code="c">1910-1911.</subfield></datafield><datafield ind1=" " ind2=" " tag="310"><subfield code="a">Semiweekly</subfield></datafield><datafield ind1="0" ind2=" " tag="362"><subfield code="a">Vol. 30, no. 28 (Feb. 8, 1910)-v. 31, no. 14 (Jan. 24, 1911).</subfield></datafield><datafield ind1=" " ind2=" " tag="752"><subfield code="a">United States</subfield><subfield code="b">Texas</subfield><subfield code="c">Taylor</subfield><subfield code="d">Abilene.</subfield></datafield><datafield ind1="0" ind2=" " tag="775"><subfield code="t">Abilene daily reporter (Abilene, Tex. : 1897)</subfield><subfield code="w">(DLC)sn 86088321</subfield></datafield><datafield ind1="0" ind2="0" tag="780"><subfield code="t">Abilene reporter (Abilene, Tex. : 1881)</subfield><subfield code="w">(DLC)sn 86088320</subfield></datafield><datafield ind1="0" ind2="0" tag="785"><subfield code="t">Abilene semi-weekly reporter</subfield><subfield code="w">(DLC)sn 86088322</subfield></datafield></record>